
@misc{w1, 
author = {Strain Measurement Devices},
title={Optical Liquid Level Sensors - How They Work - SMD Sensors}, 
url={https://www.smdsensors.com/blog-optical-liquid-level-sensor/}, 
year={2021},
month={Oct}}
@misc{w2, 
author ={ผศ.ดร.นวภัทรา หนูนาค},
title={เซนเซอร์วัดระดับชนิดวัดความจุไฟฟ้า}, 
howpublished = {\url{http://www.foodnetworksolution.com/wiki/word/7336/capacitive-level-sensor-%E0%B9%80%E0%B8%8B%E0%B8%99%E0%B9%80%E0%B8%8B%E0%B8%AD%E0%B8%}}, 
year={2021}
}
@misc{w5, 
author ={ผศ.ดร.นวภัทรา หนูนาค},
title={เซนเซอร์วัดระดับชนิดวัดความนำไฟฟ้า}, 
howpublished = {\url{http://www.foodnetworksolution.com/wiki/word/7337/conductive-level-sensor-เซนเซอร์วัดระดับชนิดวัดความน่าไฟฟ้า}}, 
year={2021}
}
@misc{w6, 
author ={ผศ.ดร.พิมพ์เพ็ญ พรเฉลิมพงศ์},
title={การวัดระดับ}, 
howpublished = {\url{http://www.foodnetworksolution.com/wiki/word/4359/level-measurement-%E0%B8%81%E0%B8%B2%E0%B8%A3%E0%B8%A7%E0%B8%B1%E0%B8%94%E0%B8%A3%E0%B8%B0%E0%B8%94%E0%B8%B1%E0%B8%9A}}, 
year={2021}
}
@misc{w3, 
author={บริษัท โอเมก้า เมชเชอริ่ง อินสทรูเม้นท์ จำกัด},
title={Radar Sensor}, 
howpublished = {\url{https://www.omi.co.th/th/article/radar-sensor  }}, 
year={2021}
}

@misc{w4, 
author={บริษัท เจเทค เอ็นจิเนียริ่ง (ประเทศไทย) จำกัด},
title={เครื่องวัดระดับแบบเรด้าร์}, 
howpublished = {\url{https://www.jtec-engineering.com/category/3791/เครื่องวัดระดับแบบเรด้าร์}}, 
year={2018}
}