@book{mi1,
    author  = "Alan S. Morris",
    title   = "Measurement and Instrumentation Principles",
    publisher = "Butterworth-Heinemann Linacre House",
    year = "2001"
}
@book{mi2,
    author  = "Bela G. Liptak",
    title   = "Process Measurement and Analysis",
    publisher = "ISA-The Instrumentation, Systems, and Automation Society ",
    year = "1995",
    volume = "1",
    edition = "4"
}
@book{mi3,
    author  = "A.K.Sawhney",
    title   = "A Course in Electrical and Electronic Measurements and Instrumentation",
    publisher = "Karan printing service",
    year = "1985",
    volume = "1",
    edition = "4"
}
@book{mi4,
    author  = "Reza Langari, Alan S. Morris",
    title   = "Measurement and Instrumentation Theory and Application",
    publisher = "Elsevier Science",
    year = "2011"
}
@book{mi5,
    author  = "Emerson Electric Co.",
    title   = "The Engineerâ€™s Guide to Level Measurement",
    publisher = "Emerson Electric Co.",
    year = "2021"
}
